


@article{jones2008global,
  title={Global trends in emerging infectious diseases},
  author={Jones, Kate E and Patel, Nikkita G and Levy, Marc A and Storeygard, Adam and Balk, Deborah and Gittleman, John L and Daszak, Peter},
  journal={Nature},
  volume={451},
  number={7181},
  pages={990--993},
  year={2008},
  publisher={Nature Publishing Group}
}
 
@article{lawyer2016measuring,
  title={Measuring the potential of individual airports for pandemic spread over the world airline network},
  author={Lawyer, Glenn},
  journal={BMC infectious diseases},
  volume={16},
  number={1},
  pages={70},
  year={2016},
  publisher={BioMed Central}
}



@article{tatem2006global,
  title={Global transport networks and infectious disease spread},
  author={Tatem, Andrew J and Rogers, David J and Hay, SI},
  journal={Advances in parasitology},
  volume={62},
  pages={293--343},
  year={2006},
  publisher={Elsevier}
}


@misc{nicholasyager2014,
  author = {Yager, Nicholas A. and Taylor, Matthew},
  title = {Edge-based control of disease propagation through the world-wide airport network},
  year = {2014},
  publisher = {GitHub},
  journal = {GitHub repository},
  howpublished = {{https://github.com/nicholasyager/airport-disease-modeling}},
  commit = {10f69edce27f5fdcb1a0e9689432f84bd24cff5e}
}